% Put you own bibliography entries in this file
