% Put you own bibliography entries in this file
%\addbibresource{bib/ATLAS.bib}
%\addbibresource{bib/CMS.bib}
%\addbibresource{atlas_biblatex.bib}
@Booklet{ATL-COM-PHYS-2016-101,
  author = "{A. M. Sickles}",
  title = "{Heavy Ion Jet Calibration in 2015}",
  howpublished = "ATL-COM-PHYS-2016-101",
  url = "https://cds.cern.ch/record/2129090",
  year = 2016,
}
@Booklet{ATL-COM-PHYS-2016-1253,
  author = "{A. Puri}",
  title = "{Cross calibration factors and their uncertainties for application to 2015 heavy ion jets}",
  howpublished = "ATL-COM-PHYS-2016-1253",
  year = 2016,
  url = "https://cds.cern.ch/record/2211758",
}  
@Booklet{ATL-COM-PHYS-2014-795,
  author = "{T. Koseka, A. Angerami, B. Cole, D. Perepelitsa, M. Rybar, H. Santos, M. Spousta}",
  title = "{Numerical inversion for calibration of Heavy-ion jets}",
  howpublished = "ATL-COM-PHYS-2014-795",
  year = 2014,
  url = "https://cds.cern.ch/record/1742072",
}
@Booklet{ATLAS-CONF-2015-016,
  author = "{ATLAS Collaboration}",
  title = "{Jet energy scale and its uncertainty for jets reconstructed using the ATLAS heavy ion jet algorithm}",
  howpublished = "ATLAS-CONF-2015-016",
  year = 2015,
  url = "https://cds.cern.ch/record/2008677",
}
@Booklet{ATLAS-CONF-2015-017,
  author = "{ATLAS Collaboration}",
  title = "{Data-driven determination of the energy scale and resolution of jets reconstructed in the ATLAS calorimeters using dijet and multijet events at $\sqrt{s}$ = 8 TeV}",
  howpublished = "ATLAS-CONF-2015-017",
  url = "http://cdsweb.cern.ch/record/2008678",
  year = 2015,
}
@online{DeriveMCJES2015,
  author = "{J. D. B. Sola}",
  title = "{DeriveMCJES2015}",
  year = 2018,
  url = "https://twiki.cern.ch/twiki/bin/viewauth/AtlasProtected/DeriveMCJES2015",
}
@Booklet{ATL-COM-PHYS-2017-999,
  author = "{D. Perepelitsa, K. Hill, P. Steinberg, E. Bossard, Q. Hu, J. Ouellette, J. Nagle}",
  title = "{Measurement of inclusive prompt photon spectrum in 8.16 TeV p+Pb collisions}",
  howpublished = "ATL-COM-PHYS-2017-999",
  year = 2017,
  url = "https://cds.cern.ch/record/2272623",
} 
@article{Cacciari:2008gp,
      author         = "{M. Cacciari, G. P. Salam, G. Soyez}",
      title          = "{The anti-$k_t$ jet clustering algorithm}",
      journal        = "JHEP",
      volume         = "04",
      year           = "2008",
      pages          = "063",
      doi            = "10.1088/1126-6708/2008/04/063",
      eprint         = "0802.1189",
      archivePrefix  = "arXiv",
      primaryClass   = "hep-ph",
      reportNumber   = "LPTHE-07-03",
      SLACcitation   = "%%CITATION = ARXIV:0802.1189;%%"
}
@online{pPbR4,
  title = "{p+Pb R=0.4 EtaJES}",
  url = "https://cernbox.cern.ch/index.php/s/WUYe5nCXNk65djD",
  note = "{Password: pPb\_JES}"
}
@online{pPbR3,
  title = "{p+Pb R=0.3 EtaJES}",
  url = "https://cernbox.cern.ch/index.php/s/ete8untvnwPia8u",
  note = "{Password: pPb\_JES}"
}
@online{pPbR2,
  title = "{p+Pb R=0.2 EtaJES}",
  url = "https://cernbox.cern.ch/index.php/s/3aiqSrqVtdNDk3k",
  note = "{Password: pPb\_JES}"
}
@online{PbpR4,
  title = "{Pb+p R=0.4 EtaJES}",
  url = "https://cernbox.cern.ch/index.php/s/TODNUP2x9Gqkj0E",
  note = "{Password: pPb\_JES}"
}
@online{PbpR3,
  title = "{Pb+p R=0.3 EtaJES}",
  url = "https://cernbox.cern.ch/index.php/s/cPLN4HUCLj8nL6q",
  note = "{Password: pPb\_JES}"
}
@online{PbpR2,
  title = "{Pb+p R=0.2 EtaJES}",
  url = "https://cernbox.cern.ch/index.php/s/mqO0KbBu1Ze0hFW",
  note = "{Password: pPb\_JES}"
}
@online{HIRun2JESdata2016,
  url = "https://twiki.cern.ch/twiki/bin/view/AtlasProtected/HIRun2JESdata2016",
}