% Acknowledgements for papers with collision data

% Bibitem entry for the Tier2 facilities reference
%-------------------------------------------------
@Booklet{ATL-GEN-PUB-2016-002,
          author         = "{ATLAS Collaboration}",
          title          = "{ATLAS Computing Acknowledgements}",
          howpublished   = "{ATL-GEN-PUB-2016-002}",
          url            = "https://cds.cern.ch/record/2202407",
      } 
%----------------------------------------------

